@incollection{parzen,
title = {Autoregressive spectral estimation},
series = {Handbook of Statistics},
publisher = {Elsevier},
volume = {3},
pages = {221-247},
year = {1983},
booktitle = {Time Series in the Frequency Domain},
issn = {0169-7161},
doi = {https://doi.org/10.1016/S0169-7161(83)03013-8},
url = {https://www.sciencedirect.com/science/article/pii/S0169716183030138},
author = {Emanuel Parzen},
}
@article{no-yw,
title = {Why Yule-Walker should not be used for autoregressive modelling},
journal = {Annals of Nuclear Energy},
volume = {23},
number = {15},
pages = {1219-1228},
year = {1996},
issn = {0306-4549},
doi = {https://doi.org/10.1016/0306-4549(95)00126-3},
url = {https://www.sciencedirect.com/science/article/pii/0306454995001263},
author = {M.J.L. {de Hoon} and T.H.J.J. {van der Hagen} and H. Schoonewelle and H. {van Dam}},
}